<?xml version="1.0" encoding="UTF-8"?><record xmlns="http://www.loc.gov/MARC21/slim" xmlns:cinclude="http://apache.org/cocoon/include/1.0" xmlns:zs="http://www.loc.gov/zing/srw/">
  <leader>00422nz  a2200145n  4500</leader>
  <controlfield tag="001">no2007056251</controlfield>
  <controlfield tag="003">DLC</controlfield>
  <controlfield tag="005">20070523075304.0</controlfield>
  <controlfield tag="008">070521n| acannaabn          |a aaa     c</controlfield>
  <datafield tag="010" ind1=" " ind2=" ">
    <subfield code="a">no2007056251</subfield>
  </datafield>
  <datafield tag="035" ind1=" " ind2=" ">
    <subfield code="a">(OCoLC)oca07415657</subfield>
  </datafield>
  <datafield tag="040" ind1=" " ind2=" ">
    <subfield code="a">NJQ</subfield>
    <subfield code="b">eng</subfield>
    <subfield code="c">NJQ</subfield>
  </datafield>
  <datafield tag="100" ind1="1" ind2=" ">
    <subfield code="a">Grün, Anselm.</subfield>
    <subfield code="t">Lebensmitte als geistliche Aufgabe.</subfield>
    <subfield code="l">Croatian</subfield>
  </datafield>
  <datafield tag="400" ind1="1" ind2=" ">
    <subfield code="a">Grün, Anselm.</subfield>
    <subfield code="t">Srednja životna dob</subfield>
  </datafield>
  <datafield tag="670" ind1=" " ind2=" ">
    <subfield code="a">Srednja životna dob, 2006.</subfield>
  </datafield>
</record>